@string{SP="IEEE Security and Privacy Magazine"}
@string{CODASPY="ACM Conference on Data and Application Security and Privacy"}
@string{ATC="Usenix Annual Technical Conference"}
@string{CSUR="ACM Computing Surveys"}
@string{RTSS="Real-Time Systems Symposium"}
@string{arXiv="arXiv Technical Report"}
@string{LangSec="Language-theoretic Security IEEE Security and Privacy Workshop"}
@string{CCS="ACM Conference on Computer and Communication Security"}
@string{IOTSP="Workshop on the Internet of Things Security and Privacy"}
@string{NDSS="Network and Distributed System Security Symposium"}
@string{ISPASS="International Symposium on Performance Analysis of Systems and Software"}
@string{CCC="Chaos Communication Congress"}
@string{NSPW="New Security Paradigms Workshop"}
@string{BHEU="BlackHat Europe"}
@string{TR="Technical Report"}
@string{PLDI="ACM International Conference on Programming Language Design and Implementation"}
@string{EuroSP="IEEE European Symposium on Security and Privacy"}
@string{SS3P="Open Textbook"}
@string{DIMVA="Conference on Detection of Intrusions and Malware and Vulnerability Assessment"}
@string{ISMM="ACM SIGPLAN International Symposium on Memory Management"}
@string{ESSoS="Int'l. Symp. on Eng. Secure Software and Systems"}
@string{SEC="Usenix Security Symposium"}
@string{IMC="ACM Internet Measurement Conference"}
@string{TSE="IEEE Transactions on Software Engineering"}
@string{CC="International Conference on Compiler Construction"}
@string{STM="International Workshop on Security and Trust Management"}
@string{ArmsRace="The Continuing Arms Race"}
@string{TRB="Transportation Research Board"}
@string{FEAST="Forming an Ecosystem Around Software Transformation"}
@string{DSN="IEEE/IFIP International Conference on Dependable Systems and Networks"}
@string{SyScan360="Symposium on Security for Asia Network + 360"}
@string{BalCCon="Balkan Computer Congress"}
@string{DSAL="AOSD workshop on Domain-Specific Aspect Languages"}
@string{ESORICS="European Symposium on Research in Computer Security"}
@string{WOOT="Usenix Workshop on Offensive Technologies"}
@string{TIFS="IEEE Transactions on Information Forensics and Security"}
@string{HotSWUp="Usenix Workshop on Hot Topics in Software Upgrades"}
@string{AsiaCCS="ACM Symp. on InformAtion, Computer and Communications Security"}
@string{AMAS-BT="Workshop on Architectural and Microarchitectural Support for Binary Translation"}
@string{PPREW="Program Protection and Reverse Engineering Workshop"}
@string{SYSTOR="ACM International Systems and Storage Conference"}
@string{VEE="ACM International Conference on Virtual Execution Environments"}
@string{OSDI="Usenix Symposium on Operating Systems Design and Implementation"}
@string{Oakland="IEEE International Symposium on Security and Privacy"}
@string{PST="IEEE Conference on Privacy, Security, and Trust"}


@article{tyler_2012,
author={Tyler, Christopher and Likova, Lora},   
title={The Role of the Visual Arts in Enhancing the Learning Process},      
journal={Frontiers in Human Neuroscience},      
year={2012},      
doi={10.3389/fnhum.2012.00008},      
}

@article{kamp_2015,
author = {van de Kamp, Marie-Thérèse and Admiraal, Wilfried and van Drie, Jannet and Rijlaarsdam, Gert},
title = {Enhancing divergent thinking in visual arts education: Effects of explicit instruction of meta-cognition},
journal = {British Journal of Educational Psychology},
pages = {47-58},
doi = {10.1111/bjep.12061},
year = {2015}
}

@article{kindler_2003,
author = {Anna M. Kindler},
title = {Visual Culture, Visual Brain, and (Art) Education},
journal = {Studies in Art Education},
pages = {290-296},
year  = {2003},
doi = {10.1080/00393541.2003.11651745},
}

@article{angela_2008,
author = {Eckhoff, Angela},
year = {2008},
pages = {463-472},
title = {The Importance of Art Viewing Experiences in Early Childhood Visual Arts: The Exploration of a Master Art Teacher’s Strategies for Meaningful Early Arts Experiences},
journal = {Early Childhood Education},
doi = {10.1007/s10643-007-0216-1}
}

@misc{wikiart,
title={WIKIART - Visual Art Encyclopedia},
url={https://www.wikiart.org/}
}

@misc{met_coll,
title={The Met Collection},
url={https://www.metmuseum.org/art/collection}
}

@misc{rijks_coll,
title={RIJKS STUDIO},
url={https://www.rijksmuseum.nl/en/rijksstudio}
}

@misc{wga,
title={Web Gallery of Art},
url={www.wga.hu}
}

@article{castellano_vessio_2021,
 title={Deep learning approaches to pattern extraction and recognition in paintings and drawings: An overview},
 doi={10.1007/s00521-021-05893-z},
 journal={Neural Computing and Applications},
 author={Castellano, Giovanna and Vessio, Gennaro},
 year={2021},
 pages={12263–12282}
 } 
 
@article{saleh_2016,
title={Large-scale Classification of Fine-Art Paintings: Learning The Right Metric on The Right Feature},
doi={10.11588/dah.2016.2.23376},
journal={International Journal for Digital Art History},
author={Saleh, Babak and Elgammal, Ahmed},
year={2016},
}

@inproceedings{tan_2016,
author={Tan, Wei Ren and Chan, Chee Seng and Aguirre, Hernán E. and Tanaka, Kiyoshi},
booktitle={2016 IEEE International Conference on Image Processing (ICIP)},
title={Ceci n'est pas une pipe: A deep convolutional network for fine-art paintings classification},
year={2016},
pages={3703-3707},
doi={10.1109/ICIP.2016.7533051}
}
 
@inproceedings{karayev_2014,
title = {Recognizing Image Style},
author = {Karayev, Sergey and Trentacoste, Matthew and Han, Helen and Agarwala, Aseem and Darrell, Trevor and Hertzmann, Aaron and Winnemoeller, Holger},
year = {2014},
booktitle = {Proceedings of the British Machine Vision Conference},
doi = {10.5244/C.28.122 }
}

@article{cetinic_2018,
title = {Fine-tuning Convolutional Neural Networks for fine art classification},
journal = {Expert Systems with Applications},
pages = {107-118},
year = {2018},
doi = {10.1016/j.eswa.2018.07.026},
author = {Eva Cetinic and Tomislav Lipic and Sonja Grgic},
}

@article{van_2015,
author={van Noord, Nanne and Hendriks, Ella and Postma, Eric},
journal={IEEE Signal Processing Magazine},
title={Toward Discovery of the Artist's Style: Learning to recognize artists by their artworks},  
year={2015},
pages={46-54},
doi={10.1109/MSP.2015.2406955}
}

@InProceedings{seguin_2016,
author={Seguin, Benoit and Striolo, Carlotta and diLenardo, Isabella and Kaplan, Frederic},
title={Visual Link Retrieval in a Database of Paintings},
booktitle={Computer Vision -- ECCV 2016 Workshops},
year={2016},
pages={753--767},
}

@article{gultepe_2018,
title={Predicting and Grouping Digitized Paintings by Style using Unsupervised Feature Learning.},
author={Eren Gultepe and Thomas Edward Conturo and Masoud Makrehchi},
journal={Journal of cultural heritage},
year={2018},
volume={31},
pages={13-23}
}

@article{Castellano2021VisualLR,
author = {Castellano, Giovanna and Lella, Eufemia and Vessio, Gennaro},
title = {Visual Link Retrieval and Knowledge Discovery in Painting Datasets},
year = {2021},
doi = {10.1007/s11042-020-09995-z},
journal = {Multimedia Tools Appl.},
pages = {6599–6616},
}

@article{Shen2019DiscoveringVP,
  title={Discovering Visual Patterns in Art Collections With Spatially-Consistent Feature Learning},
  author={Xi Shen and Alexei A. Efros and Mathieu Aubry},
  journal={2019 IEEE/CVF Conference on Computer Vision and Pattern Recognition (CVPR)},
  year={2019},
  pages={9270-9279}
}


@article{Elgammal2017CANCA,
  title={CAN: Creative Adversarial Networks, Generating "Art" by Learning About Styles and Deviating from Style Norms},
  author={A. Elgammal and Bingchen Liu and Mohamed Elhoseiny and Marian Mazzone},
  journal={ArXiv},
  year={2017},
  doi = {10.48550/ARXIV.1706.07068}
}

@article{Tan2019ImprovedAF,
  title={Improved ArtGAN for Conditional Synthesis of Natural Image and Artwork},
  author={Wei Ren Tan and Chee Seng Chan and Hern{\'a}n E. Aguirre and Kiyoshi Tanaka},
  journal={IEEE Transactions on Image Processing},
  year={2019},
  volume={28},
  pages={394-409}
}

@article{elgammal_2018,
title={Picasso, Matisse, or a Fake? Automated Analysis of Drawings at the Stroke Level for Attribution and Authentication},
volume={32},
url={https://ojs.aaai.org/index.php/AAAI/article/view/11313},
journal={Proceedings of the AAAI Conference on Artificial Intelligence},
author={Elgammal, Ahmed and Kang, Yan and Den Leeuw, Milko},
year={2018},
}

@article{Tomei2019Art2RealUT,
  title={Art2Real: Unfolding the Reality of Artworks via Semantically-Aware Image-To-Image Translation},
  author={Matteo Tomei and Marcella Cornia and Lorenzo Baraldi and Rita Cucchiara},
  journal={2019 IEEE/CVF Conference on Computer Vision and Pattern Recognition (CVPR)},
  year={2019},
  pages={5842-5852}
}

@inproceedings{matteo_2019,
author={Tomei, Matteo and Baraldi, Lorenzo and Cornia, Marcella and Cucchiara, Rita},
title={What Was Monet Seeing While Painting? Translating Artworks to Photo-Realistic Images},
booktitle={Computer Vision -- ECCV 2018 Workshops},
year={2019},
publisher={Springer International Publishing},
pages={601--616},
isbn={978-3-030-11012-3}
}

@article{HE_wei_2018,
title = {Emotion recognition by assisted learning with convolutional neural networks},
journal = {Neurocomputing},
volume = {291},
pages = {187-194},
year = {2018},
issn = {0925-2312},
doi = {10.1016/j.neucom.2018.02.073},
author = {Xuanyu He and Wei Zhang},
}

@InProceedings{noa_2019,
author={Garcia, Noa and Vogiatzis, George},
title={How to Read Paintings: Semantic Art Understanding with Multi-modal Retrieval},
booktitle={Computer Vision -- ECCV 2018 Workshops},
year={2019},
publisher={Springer International Publishing},
pages={676--691},
isbn={978-3-030-11012-3}
}

@article{Walker_2003,
  title={Understanding war, visualizing peace: Children draw what they know},
  author={Walker, Kathleen and Myers-Bowman, Karen S and Myers-Walls, Judith A},
  journal={Art Therapy},
  pages={191--200},
  year={2003},
  doi = {10.1080/07421656.2003.10129605}
}

@misc{kantner_gregory_2002, 
title={The Stages of Artistic Development}, url={https://makingartwork.files.wordpress.com/2012/12/stages_of_art_development.pdf}, author={Kantner, Larry A. and Gregory, Diane C.},
year={2002}
}

@book{lowenfeld1957creative,
  title={Creative and mental growth},
  author={Lowenfeld, Viktor},
  year={1957},
}

@article{Santos2021ArtificialNN,
  title={Artificial Neural Networks and Deep Learning in the Visual Arts: a review},
  author={Iria Santos and Luz Castro and Nereida Rodriguez-Fernandez and {\'A}lvaro Torrente-Pati{\~n}o and Adri{\'a}n Carballal},
  journal={Neural Computing and Applications},
  year={2021},
  pages={121-157}
}

@article{Lu2017DeepML,
title={Deep Metric Learning for Visual Understanding: An Overview of Recent Advances},
author={Jiwen Lu and Junlin Hu and Jie Zhou},
journal={IEEE Signal Processing Magazine},
year={2017},
pages={76-84}
}

@article{Schroff2015FaceNetAU,
  title={FaceNet: A unified embedding for face recognition and clustering},
  author={Florian Schroff and Dmitry Kalenichenko and James Philbin},
  journal={2015 IEEE Conference on Computer Vision and Pattern Recognition (CVPR)},
  year={2015},
  pages={815-823}
}

@article{SimoSerra2015DiscriminativeLO,
  title={Discriminative Learning of Deep Convolutional Feature Point Descriptors},
  author={Edgar Simo-Serra and Eduard Trulls and Luis Ferraz and Iasonas Kokkinos and P. Fua and Francesc Moreno-Noguer},
  journal={2015 IEEE International Conference on Computer Vision (ICCV)},
  year={2015},
  pages={118-126}
}

@article{Seguin2018MakingLA,
title = {Making large art historical photo archives searchable},
author = {Seguin, Benoît},
institution = {DHI},
publisher = {EPFL},
address = {Lausanne},
pages = {169},
year = {2018},
doi = {10.5075/epfl-thesis-8857},
}

@article{Philbin2007ObjectRW,
  title={Object retrieval with large vocabularies and fast spatial matching},
  author={James Philbin and Ondřej Chum and Michael Isard and Josef Sivic and Andrew Zisserman},
  journal={2007 IEEE Conference on Computer Vision and Pattern Recognition},
  year={2007},
  pages={1-8}
}

@article{Zhou2017RecentAI,
  title={Recent Advance in Content-based Image Retrieval: A Literature Survey},
  author={Wen-gang Zhou and Houqiang Li and Qi Tian},
  journal={ArXiv},
  year={2017},
  doi = {10.48550/ARXIV.1706.06064}
}

@inproceedings{wan2014deep,
author = {Wan, Ji and Wang, Dayong and Hoi, Steven Chu Hong and Wu, Pengcheng and Zhu, Jianke and Zhang, Yongdong and Li, Jintao},
title = {Deep Learning for Content-Based Image Retrieval: A Comprehensive Study},
year = {2014},
doi = {10.1145/2647868.2654948},
booktitle = {Proceedings of the 22nd ACM International Conference on Multimedia},
pages = {157–166},
}


@article{Yi2018SBIR,
author = {Li, Yi and Li, Wenzhao},
title = {A Survey of Sketch-Based Image Retrieval},
year = {2018},
doi = {10.1007/s00138-018-0953-8},
journal = {Mach. Vision Appl.},
pages = {1083–1100},
}

@article{He2016DeepRL,
  title={Deep Residual Learning for Image Recognition},
  author={Kaiming He and X. Zhang and Shaoqing Ren and Jian Sun},
  journal={2016 IEEE Conference on Computer Vision and Pattern Recognition (CVPR)},
  year={2016},
  pages={770-778}
}

@article{Xie2016,
  title={Aggregated Residual Transformations for Deep Neural Networks},
  author={Saining Xie and Ross Girshick and Piotr Dollár and Zhuowen Tu and Kaiming He},
  journal={arXiv preprint arXiv:1611.05431},
  year={2016}
}

@article{Wang2020FSL,
author = {Wang, Yaqing and Yao, Quanming and Kwok, James T. and Ni, Lionel M.},
title = {Generalizing from a Few Examples: A Survey on Few-Shot Learning},
year = {2020},
volume = {53},
doi = {10.1145/3386252},
journal = {ACM Comput. Surv.},
}


@inproceedings{Shrivastava2011DDVS,
author = {Shrivastava, Abhinav and Malisiewicz, Tomasz and Gupta, Abhinav and Efros, Alexei A.},
title = {Data-Driven Visual Similarity for Cross-Domain Image Matching},
year = {2011},
doi = {10.1145/2024156.2024188},
booktitle = {Proceedings of the 2011 SIGGRAPH Asia Conference}
}

@inproceedings{Ian2014_GAN,
 author = {Goodfellow, Ian and Pouget-Abadie, Jean and Mirza, Mehdi and Xu, Bing and Warde-Farley, David and Ozair, Sherjil and Courville, Aaron and Bengio, Yoshua},
 booktitle = {Advances in Neural Information Processing Systems},
 title = {Generative Adversarial Nets},
 volume = {27},
 year = {2014}
}

@inproceedings{Rakhmanov2020ExperimentationOH,
  title={Experimentation on Hand Drawn Sketches by Children to Classify Draw-a-Person Test Images in Psychology},
  author={Ochilbek Rakhmanov and Nwojo Nnanna Agwu and Steve A. Adeshina},
  booktitle={FLAIRS Conference},
  year={2020}
}

@article{Konyushkova2015GodsKD,
  title={God(s) Know(s): Developmental and Cross-Cultural Patterns in Children Drawings},
  author={Ksenia Konyushkova and Nikolaos Arvanitopoulos and Zhargalma Dandarova Robert and Pierre-Yves Brandt and Sabine S{\"u}sstrunk},
  journal={ArXiv},
  year={2015},
  volume={abs/1511.03466}
}

@article{Patsorn2016SketchyDatabase,
author = {Sangkloy, Patsorn and Burnell, Nathan and Ham, Cusuh and Hays, James},
title = {The Sketchy Database: Learning to Retrieve Badly Drawn Bunnies},
year = {2016},
volume = {35},
doi = {10.1145/2897824.2925954},
journal = {ACM Trans. Graph.},
}

@article{jongejan2016quick,
  title={The Quick, draw! - A.I. Experiment},
  author={Jongejan, Jonas and Rowley, Henry and Kawashima, Takashi and Kim, Jongmin and Fox-Gieg, Nick},
  url={https://quickdraw.withgoogle.com/},
  year={2016}
}

@article{eitz2012hdhso,
author={Eitz, Mathias and Hays, James and Alexa, Marc},
title={How Do Humans Sketch Objects?},
journal={ACM Trans. Graph. (Proc. SIGGRAPH)},
year={2012},
volume={31},
pages = {44:1--44:10}
}

@misc{icaro19baat,
  author = {Icaro},
  title  = {Best Artworks of All Time},
  year  = {2019},
  url   = {https://www.kaggle.com/datasets/ikarus777/best-artworks-of-all-time},
  note = {Accessed on 07 Apr, 2022}
}

 @misc{ruben_anna_2014,
 title={Art Challenge - A quiz game of famous painters},
 author={Ruben and Anna},
 year={2014},
 url={https://artchallenge.ru/?lang=en}} 

@inproceedings{mensink14rijkschallenge,
author = {Mensink, Thomas and van Gemert, Jan},
title = {The Rijksmuseum Challenge: Museum-Centered Visual Recognition},
year = {2014},
publisher = {Association for Computing Machinery},
doi = {10.1145/2578726.2578791},
pages = {451–454},
}

@INPROCEEDINGS{deng2009imagenet,
author={Deng, Jia and Dong, Wei and Socher, Richard and Li, Li-Jia and Kai Li and Li Fei-Fei},
booktitle={2009 IEEE Conference on Computer Vision and Pattern Recognition},
title={ImageNet: A large-scale hierarchical image database},
year={2009},
pages={248-255},
doi={10.1109/CVPR.2009.5206848}
}

@article{russakovsky2015ILSVRC,
author = {Russakovsky, Olga and Deng, Jia and Su, Hao and Krause, Jonathan and Satheesh, Sanjeev and Ma, Sean and Huang, Zhiheng and Karpathy, Andrej and Khosla, Aditya and Bernstein, Michael and Berg, Alexander C. and Fei-Fei, Li},
title = {ImageNet Large Scale Visual Recognition Challenge},
year = {2015},
volume = {115},
doi = {10.1007/s11263-015-0816-y},
journal = {Int. J. Comput. Vision},
pages = {211–252},
}

@article{krizhevsky2012imagenet,
  title={Imagenet classification with deep convolutional neural networks},
  author={Krizhevsky, Alex and Sutskever, Ilya and Hinton, Geoffrey E},
  journal={Advances in neural information processing systems},
  volume={25},
  year={2012}
}

@book{goodfellow2016deep,
  title={Deep learning},
  author={Goodfellow, Ian and Bengio, Yoshua and Courville, Aaron},
  year={2016},
  publisher={MIT press}
}

@inproceedings{kingma14adam,
author = {Diederik P. Kingma and Jimmy Ba},
title = {Adam: A Method for Stochastic Optimization},
booktitle = {3rd International Conference on Learning Representations, {ICLR}},
year = {2015},
url = {http://arxiv.org/abs/1412.6980},
}

@article{yang2006developmental,
  title={The developmental characteristics of four-and five-year-old pre-schoolers’ drawing: An analysis of scribbles, placement patterns, emergent writing, and name writing in archived spontaneous drawing samples},
  author={Yang, Hui-Chin and Noel, Andrea M},
  journal={journal of early childhood literacy},
  volume={6},
  pages={145--162},
  year={2006},
}

@article{toku_2001,
 URL = {http://www.jstor.org/stable/20716021},
 author = {Masami Toku},
 journal = {Visual Arts Research},
 pages = {46--59},
 title = {Cross-cultural Analysis of Artistic Development: Drawing by Japanese and U.S. Children},
 volume = {27},
 year = {2001}
}

@article{Dalal2005HistogramsOO,
  title={Histograms of oriented gradients for human detection},
  author={Navneet Dalal and Bill Triggs},
  journal={2005 IEEE Computer Society Conference on Computer Vision and Pattern Recognition (CVPR'05)},
  year={2005},
  volume={1},
  pages={886-893}
}

@article{lowe2004distinctive,
  title={Distinctive image features from scale-invariant keypoints},
  author={Lowe, David G},
  journal={International journal of computer vision},
  volume={60},
  number={2},
  pages={91--110},
  year={2004},
  publisher={Springer}
}

@article{BAY2008346,
title = {Speeded-Up Robust Features (SURF)},
journal = {Computer Vision and Image Understanding},
volume = {110},
pages = {346-359},
year = {2008},
doi = {https://doi.org/10.1016/j.cviu.2007.09.014},
author = {Herbert Bay and Andreas Ess and Tinne Tuytelaars and Luc {Van Gool}},
}

@software{haris_iqbal_2018_2526396,
  author       = {Haris Iqbal},
  title        = {HarisIqbal88\/PlotNeuralNet v1.0.0},
  month        = dec,
  year         = 2018,
  publisher    = {Zenodo},
  version      = {v1.0.0},
  doi          = {10.5281/zenodo.2526396},
}

@inproceedings{koch2015siamese,
  title={Siamese neural networks for one-shot image recognition},
  author={Koch, Gregory and Zemel, Richard and Salakhutdinov, Ruslan and others},
  booktitle={ICML deep learning workshop},
  volume={2},
  year={2015},
}

@inproceedings{zeiler2014visualizing,
  title={Visualizing and understanding convolutional networks},
  author={Zeiler, Matthew D and Fergus, Rob},
  booktitle={European conference on computer vision},
  pages={818--833},
  year={2014},
  organization={Springer}
}

@article{shin2016deep,
  title={Deep convolutional neural networks for computer-aided detection: CNN architectures, dataset characteristics and transfer learning},
  author={Shin, Hoo-Chang and Roth, Holger R and Gao, Mingchen and Lu, Le and Xu, Ziyue and Nogues, Isabella and Yao, Jianhua and Mollura, Daniel and Summers, Ronald M},
  journal={IEEE transactions on medical imaging},
  volume={35},
  number={5},
  pages={1285--1298},
  year={2016},
  publisher={IEEE}
}

@inproceedings{long2015fully,
  title={Fully convolutional networks for semantic segmentation},
  author={Long, Jonathan and Shelhamer, Evan and Darrell, Trevor},
  booktitle={Proceedings of the IEEE conference on computer vision and pattern recognition},
  pages={3431--3440},
  year={2015}
}

@article{Ludovica2022,
title = {Semi-supervised clustering of learned visual signatures of artworks},
author = {Ludovica Schaerf},
institution = {DHI},
publisher = {EPFL},
year = {2022},
doi = {},
}

@misc{centre_unesco_2020,
title={Institut Mondial d'Art de la Jeunesse},
url={https://www.centre-unesco-troyes.org/},
note = {Accessed on 01 Jun, 2022}
} 